@article{jensen1992,
author = {Jensen, J.A. and Svendsen, N.B.},
journal = {IEEE Trans. Ultrason. Ferroelectr. Freq. Control},
number = {2},
pages = {262--267},
title = {{Calculation of pressure fields from arbitrarily shaped, apodized, and excited ultrasound transducers}},
volume = {39},
year = {1992}
}
@article{Chen2015,
author = {Chen, Zhouye and Basarab, Adrian and Kouame, Denis},
journal = {IEEE Trans. Med. Imaging},
number = {3},
pages = {728--737},
title = {{Compressive deconvolution in medical ultrasound imaging}},
volume = {35},
year = {2016}
}