@inproceedings{combettes2014,
author = {Combettes, P. L. and Condat, L. and Pesquet, J.-C. and Vu, B. C.},
booktitle = {2014 {IEEE} Int. Conf. Image Process.},
pages = {4141--4145},
title = {{A forward-backward view of some primal-dual optimization methods in image recovery}},
year = {2014}
}
